<?xml version="1.0" encoding="UTF-8"?><record xmlns="http://www.loc.gov/MARC21/slim" xmlns:cinclude="http://apache.org/cocoon/include/1.0" xmlns:zs="http://www.loc.gov/zing/srw/">
  <leader>00850cz  a2200205n  4500</leader>
  <controlfield tag="001">nb2013002818</controlfield>
  <controlfield tag="003">DLC</controlfield>
  <controlfield tag="005">20130220075211.0</controlfield>
  <controlfield tag="008">130207n| azannaabn          |a ana      </controlfield>
  <datafield tag="010" ind1=" " ind2=" ">
    <subfield code="a">nb2013002818</subfield>
  </datafield>
  <datafield tag="035" ind1=" " ind2=" ">
    <subfield code="a">(Uk)008676824</subfield>
  </datafield>
  <datafield tag="040" ind1=" " ind2=" ">
    <subfield code="a">Uk</subfield>
    <subfield code="b">eng</subfield>
    <subfield code="e">rda</subfield>
    <subfield code="c">Uk</subfield>
    <subfield code="d">Uk</subfield>
  </datafield>
  <datafield tag="046" ind1=" " ind2=" ">
    <subfield code="s">201205</subfield>
    <subfield code="t">201205</subfield>
  </datafield>
  <datafield tag="111" ind1="2" ind2=" ">
    <subfield code="a">International Conference on Urban Transport and the Environment</subfield>
    <subfield code="n">(18th :</subfield>
    <subfield code="d">2012 :</subfield>
    <subfield code="c">La Coruña, Spain)</subfield>
  </datafield>
  <datafield tag="368" ind1=" " ind2=" ">
    <subfield code="a">Congresses and conventions</subfield>
    <subfield code="2">lcsh</subfield>
  </datafield>
  <datafield tag="370" ind1=" " ind2=" ">
    <subfield code="e">La Coruña, Spain</subfield>
  </datafield>
  <datafield tag="377" ind1=" " ind2=" ">
    <subfield code="a">eng</subfield>
  </datafield>
  <datafield tag="411" ind1="2" ind2=" ">
    <subfield code="a">Conference on Urban Transport and the Environment, International</subfield>
    <subfield code="n">(18th :</subfield>
    <subfield code="d">2012 :</subfield>
    <subfield code="c">La Coruña, Spain)</subfield>
  </datafield>
  <datafield tag="411" ind1="2" ind2=" ">
    <subfield code="a">Urban Transport 18 (Conference)</subfield>
    <subfield code="d">(2012 :</subfield>
    <subfield code="c">La Coruña, Spain)</subfield>
  </datafield>
  <datafield tag="670" ind1=" " ind2=" ">
    <subfield code="a">Urban transport XVIII, c2012:</subfield>
    <subfield code="b">preface (18th International Conference on Urban Transport and the Environment, May 2012, A Coruña, Spain)</subfield>
  </datafield>
</record>